@misc{I1,
  title = {{Britannica Encyclopedia}},
  note = {\url{http://www.britannica.com/EBchecked/topic/329791/language/292862/Most-widely-spoken-languages}}
}

@misc{I2,
  title = {{List of languages by total number of speakers}},
  note = {\url{http://en.wikipedia.org/wiki/List_of_languages_by_total_number_of_speakers}}
}

@misc{I3,
  title = {{The status of French in the world}},
  note = {\url{http://www.diplomatie.gouv.fr/en/french-foreign-policy-1/promoting-francophony/the-status-of-french-in-the-world/}}
}

@misc{I4,
  title = {{Essential Facts About the Computer and Video Game Industry}},
  note = {\url{http://www.theesa.com/facts/pdfs/esa_ef_2014.pdf}}
}

@inproceedings{CG1,
 author = {J. P. Zagal, J. Rick, I. Hsi},
 title = {Collaborative games: Lessons learned from board games},
 booktitle = {Simulation and Gaming, vol.37},
 year = {2006},
 pages = {24-40},
} 

@inproceedings{CG2,
 author = {S. Bj{\"o}rk, J. Holopainen},
 title = {Patterns in Game Design},
 publisher = "California, USA: Charles River Media",
 year = {2004},
} 

@inproceedings{CG3,
 author = {Zagal, Mateas, Fernandez-Vara and Hochhalter, Lichti},
 title = {Towards an Ontological Language for Game Analysis},
 booktitle = {Digital Interactive Games Research Association Conference (DiGRA 2005)},
 year = {2005},
} 

@inproceedings{CG4,
 author = {J. B. Rocha, S. Mascarenhas, R. Prada},
 title = {Game Mechanics for Cooperative Games},
 booktitle = {ZDN Digital Game},
 year = {2008},
} 

@inproceedings{CG5,
 author = {Wolmet Barendregt},
 title = {You have to die!: parents and children playing cooperative games},
 booktitle = {Proc. IDC 2012},
 year = {2012},
 publisher = {ACM Press},
} 

@inproceedings{CG6,
 author = {Mark Rice},
 title = {The dynamics of younger and older adult's paired behavior when playing an interactive silhouette game},
 booktitle = {Proc. CHI 2013},
 year = {2013},
 publisher = {ACM SIGCHI},
} 

@inproceedings{CG7,
 author = {Hamiton A},
 title = {Designing action-based exergames for children with cerebral palsy},
 booktitle = {Proc. CHI 2013},
 year = {2013},
 publisher = {ACM SIGCHI},
} 

@misc{PS1,
  title = {{Steam}},
   note = {\url{http://en.wikipedia.org/wiki/Steam_(software)}}
}


@inproceedings{GD1,
 author = {Penelope S.},
 title = {GameFlow: a model for evaluating player enjoyment in games},
 booktitle = {Proc. CIE 2005},
 year = {2005},
 publisher = {ACM CIE},
} 

@inproceedings{GD2,
 author = {Philip Yaffe},
 title = {The 7\% Rule: Fact, Fiction, or Misunderstanding},
 booktitle = {Proc. Ubiquity 2011},
 year = {2011},
 publisher = {ACM Ubiquity},
} 


@misc{GD3,
  title = {{Charades}},
  note = {\url{http://en.wikipedia.org/wiki/Charades}}
}


@misc{unity,
  title = {{Unity3D}},
  note = {\url{http://unity3d.com/}}
}
 

@inproceedings{GD6,
 author = {Juan David Hincapi\'e-Ramos, Xiang Guo, Paymahn Moghadasian, Pourang Irani},
 title = {Consumed Endurance: A Metric to Quantify Arm Fatigue of Mid-Air Interactions},
 booktitle = {Proc. CHI 2014},
 year = {2014},
 publisher = {ACM SIGCHI},
} 


@inproceedings{GD7,
 author = {Bianchi-Berthouze, Kim, Patel},
 title = {Movement Engage You More in Digital Game Play? and Why?},
 booktitle = {Proc. ACII 2007},
 year = {2007},
 publisher = {Springer-Verlag, 102-113.},
} 


@inproceedings{GD8,
 author = {Isbister, Schwekendiek, Frye},
 title = {Wriggle: an exploration of emotional and social effects of movement},
 booktitle = {Proc. CHI EA 2011},
 year = {2011},
 publisher = {ACM press, 1885-1890},
} 


@inproceedings{GD9,
 author = {Lindley, Le Couteur, Berthouze},
 title = {Stirring up experience through movement in game play: effects on engagement and social behaviour},
 booktitle = {Proc. CHI 2008},
 year = {2008},
 publisher = {ACM press, 511-514},
} 


@inproceedings{eSFQ,
 author = {Christiane M.},
 title = {Rapid assessment of game experiences in public settings},
 booktitle = {Proc. FnG 2012},
 year = {2012},
 publisher = {ACM FnG},
} 


@inproceedings{CPMs,
 author = {El-Nasr, Aghabeigi and Milam, Erfani and Lameman, Maygoli and Sang Mah},
 title = {Understanding and Evaluating Cooperative Games},
 booktitle = {Proc. CHI 2010},
 year = {2010},
 publisher = {ACM SIGCHI},
} 

@inproceedings{Kappa1,
 author = {J. Cohen},
 title = {A coefficient of agreement for nominal scales},
 booktitle = {Educational and Psychological Measurement, vol. 20},
 year = {1960},
 pages = {37-46},
} 



@inproceedings{Kappa2,
 author = {J. R. Landis, G. G. Koch},
 title = {The measurement of observer agreement for categorical data},
 booktitle = {Biometrics, vol. 33},
 year = {1977},
 pages = {159-174},
} 

====================================================================

@article{Ware:1999,
 author = {Ware, Colin, Rose, Jeff},
 title = {Rotating Virtual Objects with Real Handles},
 journal = {ACM Trans. Comput.-Hum. Interact.},
 year = {1999},
 pages = {162--180},
 publisher = {ACM},
} 

@inproceedings{Hinckley:1997,
 author = {Hinckley, Ken, Tullio, Joe, Pausch, Randy, Proffitt, Dennis, Kassell, Neal},
 title = {Usability Analysis of 3D Rotation Techniques},
 booktitle = {Proceedings of the 10th Annual ACM Symposium on User Interface Software and Technology},
 year = {1997},
 pages = {1--10},
 publisher = {ACM},
 } 

@inproceedings{Froehlich:2006,
 author = {Froehlich, Bernd, Hochstrate, Jan, Skuk, Verena, Huckauf, Anke},
 title = {The GlobeFish and the GlobeMouse: Two New Six Degree of Freedom Input Devices for Graphics Applications},
 booktitle = {Proceedings of the SIGCHI Conference on Human Factors in Computing Systems},
 series = {CHI '06},
 pages = {191--199},
 publisher = {ACM},
} 

@article{Zhai:1998,
 author = {Zhai, Shumin},
 title = {User Performance in Relation to 3D Input Device Design},
 journal = {SIGGRAPH Comput. Graph.},
 year = {1998},
 pages = {50--54},
 publisher = {ACM},
} 

@inproceedings{Balakrishnan:1997,
 author = {Balakrishnan, Ravin, MacKenzie, I. Scott},
 title = {Performance Differences in the Fingers, Wrist, and Forearm in Computer Input Control},
 booktitle = {Proceedings of the ACM SIGCHI Conference on Human Factors in Computing Systems},
 series = {CHI '97},
 pages = {303--310},
 publisher = {ACM},
} 

@inproceedings{Kim:2001,
 author = {Kim, Myung-Soo, Seong, Joon-Kyung, Hyun, Dae-Eun, Lee, Kang-Hoon, Choi, Yoo-Jin},
 title = {A Physical 3D Trackball},
 booktitle = {Proceedings of the 9th Pacific Conference on Computer Graphics and Applications},
 series = {PG '01},
 pages = {134--},
 publisher = {IEEE Computer Society},
 } 
 
@inproceedings{Hinckley:1994,
 author = {Hinckley, Ken,Pausch, Randy and Goble, John C. and Kassell, Neal F.},
 title = {Passive Real-world Interface Props for Neurosurgical Visualization},
 booktitle = {Proceedings of the SIGCHI Conference on Human Factors in Computing Systems},
 series = {CHI '94},
 year = {1994},
 pages = {452--458},
 publisher = {ACM},
 } 

@inproceedings{Poupyrev:2000,
 author = {Poupyrev, Ivan and Weghorst, Suzanne and Fels, Sidney},
 title = {Non-isomorphic 3D Rotational Techniques},
 booktitle = {Proceedings of the SIGCHI Conference on Human Factors in Computing Systems},
 series = {CHI '00},
 year = {2000},
 pages = {540--547},
 publisher = {ACM},
} 

@inproceedings{Chen:1988,
 author = {Chen, Michael and Mountford, S. Joy and Sellen, Abigail},
 title = {A Study in Interactive 3-D Rotation Using 2-D Control Devices},
 booktitle = {Proceedings of the 15th Annual Conference on Computer Graphics and Interactive Techniques},
 series = {SIGGRAPH '88},
 year = {1988},
 pages = {121--129},
 publisher = {ACM},
} 

@inproceedings{Bollensdorff:2012,
 author = {Bollensdorff, Bj\"{o}rn and Hahne, Uwe and Alexa, Marc},
 title = {The Effect of Perspective Projection in Multi-touch 3D Interaction},
 booktitle = {Proceedings of Graphics Interface 2012},
 series = {GI '12},
 year = {2012},
 pages = {165--172},
 publisher = {Canadian Information Processing Society},
} 

@inproceedings{Kratz:2012,
 author = {Kratz, Sven and Rohs, Michael and Guse, Dennis and M\"{u}ller, J\"{o}rg and Bailly, Gilles and Nischt, Michael},
 title = {PalmSpace: Continuous Around-device Gestures vs. Multitouch for 3D Rotation Tasks on Mobile Devices},
 booktitle = {Proceedings of the International Working Conference on Advanced Visual Interfaces},
 series = {AVI '12},
 year = {2012},
 pages = {181--188},
 publisher = {ACM},
 } 
 
@misc{RazorAHRS,
  title = {Razor AHRS v1.4.2},
  author = {Bartz, Peter},
  howpublished = {  \texttt{https://github.com/ptrbrtz/razor-9dof-ahrs}},
  note = {Accessed: 2014-05-04}
}
@misc{Polhemus,
  title = {Polhemus tracking system},
  howpublished = {  \texttt{http://www.polhemus.com/}},
  note = {Accessed: 2014-05-04}
}

@misc{3Dconnexion,
  title = {3D connexion},
  howpublished = {  \texttt{http://www.3dconnexion.com/}},
  note = {Accessed: 2014-05-04}
}


@inproceedings{Wang:2011,
 author = {Wang, Robert and Paris, Sylvain and Popovi\'{c}, Jovan},
 title = {6D Hands: Markerless Hand-tracking for Computer Aided Design},
 booktitle = {Proceedings of the 24th Annual ACM Symposium on User Interface Software and Technology},
 series = {UIST '11},
 year = {2011},
 pages = {549--558},
 publisher = {ACM},
 } 
 
 
@inproceedings{Hachet:2003,
 author = {Hachet, Martin and Guitton, Pascal and Reuter, Patrick},
 title = {The CAT for Efficient 2D and 3D Interaction As an Alternative to Mouse Adaptations},
 booktitle = {Proceedings of the ACM Symposium on Virtual Reality Software and Technology},
 series = {VRST '03},
 year = {2003},
 pages = {225--232},
 publisher = {ACM},
} 

@inproceedings{Balakrishnan:1997_2,
 author = {Balakrishnan, Ravin and Baudel, Thomas and Kurtenbach, Gordon and Fitzmaurice, George},
 title = {The Rockin'Mouse: Integral 3D Manipulation on a Plane},
 booktitle = {Proceedings of the ACM SIGCHI Conference on Human Factors in Computing Systems},
 series = {CHI '97},
 year = {1997},
 pages = {311--318},
 publisher = {ACM},
} 

@inproceedings{Sturman:1989,
 author = {Sturman, D. J. and Zeltzer, D. and Pieper, S.},
 title = {Hands-on Interaction with Virtual Environments},
 booktitle = {Proceedings of the 2Nd Annual ACM SIGGRAPH Symposium on User Interface Software and Technology},
 series = {UIST '89},
 year = {1989},
 pages = {19--24},
 publisher = {ACM},
 address = {New York, NY, USA},
} 

@inproceedings{Lee:2013,
 author = {Lee, Jinha and Olwal, Alex and Ishii, Hiroshi and Boulanger, Cati},
 title = {SpaceTop: Integrating 2D and Spatial 3D Interactions in a See-through Desktop Environment},
 booktitle = {Proceedings of the SIGCHI Conference on Human Factors in Computing Systems},
 series = {CHI '13},
 year = {2013},
 pages = {189--192},
 publisher = {ACM},
} 

@inproceedings{Langolf:1976,
 author = {Langolf GD and Chaffin DB and Foulke JA},
 title = {An investigation of fitts' law using a wide range of movement amplitudes.},
 booktitle = {Journal of Motor Behavior. 1976},
  pages = {8(2) 113--128},
 publisher = {PubMed},
} 

@inproceedings{Song:2012,
 author = {Song, Peng and Goh, Wooi Boon and Hutama, William and Fu, Chi-Wing and Liu, Xiaopei},
 title = {A Handle Bar Metaphor for Virtual Object Manipulation with Mid-air Interaction},
 booktitle = {Proceedings of the SIGCHI Conference on Human Factors in Computing Systems},
 series = {CHI '12},
 year = {2012},
 pages = {1297--1306},
 publisher = {ACM},
} 